@phdthesis{andrews2013user,
  title={User-Guided Inverse 3D Modeling},
  author={Andrews, James L},
  year={2013},
  school={University of California, Berkeley}
}

@article{BMV01,
 title={{Algorithms for reverse engineering boundary representation models}},
 author={Benk{\H{o}}, P{\'a}l and Martin, Ralph R and V{\'a}rady, Tam{\'a}s}, 
 journal={Computer-Aided Design},
 volume={33},
 number={11},
 pages={839-851},
 year={2001},
 publisher={Elsevier}
}

@article{berger2017survey,
  title={A survey of surface reconstruction from point clouds},
  author={Berger, Matthew and Tagliasacchi, Andrea and Seversky, Lee M and Alliez, Pierre and Guennebaud, Gael and Levine, Joshua A and Sharf, Andrei and Silva, Claudio T},
  journal={Computer Graphics Forum},
  volume={36},
  number={1},
  pages={301--329},
  year={2017},
}

@article{bron1973cliques,
	author = {Bron, Coen and Kerbosch, Joep},
	title = {Algorithm 457: finding all cliques of an undirected graph},
	journal = {Communications of the ACM},
	volume = {16},
	number = {9},
	year = {1973},
	issn = {0001-0782},
	pages = {575--577},
	doi = {http://doi.acm.org/10.1145/362342.362367},
	publisher = {ACM Press},
	address = {New York, NY, USA}
},

@article{buchele2004three,
  title={Three-dimensional halfspace constructive solid geometry tree construction from implicit boundary representations},
  author={Buchele, Suzanne F and Crawford, Richard H},
  journal={Computer-Aided Design},
  volume={36},
  number={11},
  pages={1063--1073},
  year={2004},
  publisher={Elsevier}
}

@article{czabarka2013mlt,
title = "Generating functions for multi-labeled trees",
journal = "Discrete Applied Mathematics",
volume = "161",
number = "1",
pages = "107 - 117",
year = "2013",
issn = "0166-218X",
doi = "https://doi.org/10.1016/j.dam.2012.08.010",
url = "http://www.sciencedirect.com/science/article/pii/S0166218X12003101",
author={Czabarka, {\'E}va and Erd{\H{o}}s, PL and Johnson, V and Moulton, V},
keywords = "Phylogenetic tree, Multi-labeled tree, MUL-tree, Generating function"
}

@book{eiben2003introduction,
  title={Introduction to evolutionary computing},
  author={Eiben, Agoston E and Smith, James E and others},
  volume={53},
  year={2003},
  publisher={Springer}
}

@article{fayolle2016evolutionary,
  title={An evolutionary approach to the extraction of object construction trees from 3D point clouds},
  author={Fayolle, Pierre-Alain and Pasko, Alexander},
  journal={Computer-Aided Design},
  volume={74},
  pages={1--17},
  year={2016},
  publisher={Elsevier}
},

@article{flajolet1982TheAH,
  title={The Average Height of Binary Trees and Other Simple Trees},
  author={Flajolet, Philippe and Odlyzko, Andrew M.},
  journal={J. Comput. Syst. Sci.},
  year={1982},
  volume={25},
  pages={171-213}
}

@book{hartley2003multiple,
  title={Multiple view geometry in computer vision},
  author={Hartley, Richard and Zisserman, Andrew},
  year={2003},
  publisher={Cambridge university press}
}

@article{KH13,
 author={Kazhdan, Michael and Hoppe, Hugues},
 title = {Screened Poisson Surface Reconstruction},
 journal = {ACM Trans. Graph.},
 issue_date = {June 2013},
 volume = {32},
 number = {3},
 month = jul,
 year = {2013},
 pages = {29:1--29:13},
 articleno = {29},
 publisher = {ACM}
}

@article{meagher1982Octree,
title = "Geometric modeling using octree encoding",
journal = "Computer Graphics and Image Processing",
volume = "19",
number = "2",
pages = "129 - 147",
year = "1982",
issn = "0146-664X",
author = "Meagher, Donald"
},

@article{miller95genetic,
    author={Miller, Brad L and Goldberg, David E},
    title={Genetic Algorithms, Tournament Selection, and the Effects of Noise},
    journal={Complex Systems},
    year={1995},
    volume={9},
    pages={193--212}
},

@book{mitchell1998introduction,
  title={An introduction to genetic algorithms},
  author={Mitchell, Melanie},
  year={1998},
  publisher={MIT press}
}

@article{moon1965cliques,
author={Moon, John W and Moser, Leo},
title="On cliques in graphs",
journal="Israel Journal of Mathematics",
year="1965",
month="Mar",
day="01",
volume="3",
number="1",
pages="23--28",
issn="1565-8511",
},

@article{OBATS03,
 author={Ohtake, Yutaka and Belyaev, Alexander and Alexa, Marc and Turk, Greg and Seidel, Hans-Peter},
 title = {Multi-level partition of unity implicits},
 journal = {ACM Trans. Graph.},
 volume = {22},
 number = {3},
 year = {2003},
 issn = {0730-0301},
 pages = {463--470},
 doi = {http://doi.acm.org/10.1145/882262.882293},
 publisher = {ACM Press},
}

@article{ricci197constgeo,
author = {Ricci, A.},
title = {A constructive geometry for computer graphics},
journal = {The Computer Journal},
volume = {16},
number = {2},
pages = {157-160},
year = {1973},
doi = {10.1093/comjnl/16.2.157},
URL = { + http://dx.doi.org/10.1093/comjnl/16.2.157},
eprint = {/oup/backfile/content_public/journal/comjnl/16/2/10.1093/comjnl/16.2.157/2/160157.pdf}
}

@inproceedings{rusu20113d,
  title={3d is here: Point cloud library (pcl)},
  author={Rusu, Radu Bogdan and Cousins, Steve},
  booktitle={Robotics and automation (ICRA), 2011 IEEE International Conference on},
  pages={1--4},
  year={2011},
  organization={IEEE}
}

@article{schnabel2007efficient,
  title={Efficient RANSAC for point-cloud shape detection},
  author={Schnabel, Ruwen and Wahl, Roland and Klein, Reinhard},
  journal={Computer graphics forum},
  volume={26},
  number={2},
  pages={214--226},
  year={2007},
  organization={Wiley Online Library}
}

@article{shapiro2001convex,
  title={A convex deficiency tree algorithm for curved polygons},
  author={Shapiro, Vadim},
  journal={International Journal of Computational Geometry \& Applications},
  volume={11},
  number={02},
  pages={215--238},
  year={2001},
  publisher={World Scientific}
}

@article{shapiro1991construction,
  title={Construction and optimization of CSG representations},
  author={Shapiro, Vadim and Vossler, Donald L},
  journal={Computer-Aided Design},
  volume={23},
  number={1},
  pages={4--20},
  year={1991},
  publisher={Elsevier}
}

@article{shapiro1991efficient,
  title={Efficient CSG representations of two-dimensional solids},
  author={Shapiro, Vadim and Vossler, Donald L},
  journal={Journal of Mechanical Design},
  volume={113},
  number={3},
  pages={292--305},
  year={1991},
  publisher={American Society of Mechanical Engineers}
}

@article{shapiro1993separation,
  title={Separation for boundary to CSG conversion},
  author={Shapiro, Vadim and Vossler, Donald L},
  journal={ACM Transactions on Graphics (TOG)},
  volume={12},
  number={1},
  pages={35--55},
  year={1993},
  publisher={ACM}
}

@article{VMC97,
 title={Reverse engineering of geometric models-an introduction},
 author={V{\'a}rady, Tam{\'a}s and Martin, Ralph R and Cox, Jordan},
 journal={Computer-Aided Design},
 volume={29},
 number={4},
 pages={255-268},
 year={1997},
 publisher={Elsevier}
}

@phdthesis{weiss2009geometry,
  title={Geometry-based structural optimization on CAD specification trees},
  author={Weiss, Daniel},
  year={2009},
  school={ETH Zurich}					  
}

@inproceedings{weber2010sharp,
  title={Sharp feature detection in point clouds},
  author={Weber, Christopher and Hahmann, Stefanie and Hagen, Hans},
  booktitle={Shape Modeling International Conference (SMI), 2010},
  pages={175--186},
  year={2010},
  organization={IEEE}
}

@article{preparata1977convex,
  title={Convex hulls of finite sets of points in two and three dimensions},
  author={Preparata, Franco P. and Hong, Se June},
  journal={Communications of the ACM},
  volume={20},
  number={2},
  pages={87--93},
  year={1977},
  publisher={ACM}
}

